@article{Farid2021,
    author = {Farid, A. B. and Fathy, E. M. and Sharaf Eldin, A. and Abd-Elmegid, L. A.},
    title = {Software defect prediction using hybrid model (CBIL) of convolutional neural network (CNN) and bidirectional long short-term memory (Bi-LSTM)},
    journal = {PeerJ Computer Science},
    volume = {7},
    pages = {e739},
    year = {2021},
    doi = {10.7717/peerj-cs.739}
}

@article{Akimova2021,
    author = {Akimova, E. N. and Bersenev, A. Y. and Deikov, A. A. and Kobylkin, K. S. and Konygin, A. V. and Mezentsev, I. P. and Misilov, V. E.},
    title = {A Survey on Software Defect Prediction Using Deep Learning},
    journal = {Mathematics},
    volume = {9},
    number = {11},
    pages = {1180},
    year = {2021},
    doi = {10.3390/math9111180}
}

@article{Haldar2024,
    author = {Haldar, S. and Capretz, L. F.},
    title = {Interpretable Software Defect Prediction from Project Effort and Static Code Metrics},
    journal = {Computers},
    volume = {13},
    number = {2},
    pages = {52},
    year = {2024},
    doi = {10.3390/computers13020052}
}
